<record xmlns="http://www.loc.gov/MARC21/slim">
   <leader>01845cam a2200301   45 0</leader>
   <controlfield tag="001">6800058</controlfield>
   <controlfield tag="003">OCoLC</controlfield>
   <controlfield tag="005">20150209132551.0</controlfield>
   <controlfield tag="008">140519t20152014nyu           000 1 eng d</controlfield>
   <datafield ind1=" " ind2=" " tag="020">
      <subfield code="a">0765369478</subfield>
   </datafield>
   <datafield ind1=" " ind2=" " tag="020">
      <subfield code="a">9780765369475</subfield>
   </datafield>
   <datafield ind1=" " ind2=" " tag="035">
      <subfield code="a">ocn879915681</subfield>
   </datafield>
   <datafield ind1=" " ind2=" " tag="040">
      <subfield code="a">YDXCP</subfield>
      <subfield code="c">YDXCP</subfield>
      <subfield code="d">BTCTA</subfield>
      <subfield code="d">BDX</subfield>
      <subfield code="d">OCLCQ</subfield>
      <subfield code="d">ARDC</subfield>
   </datafield>
   <datafield ind1=" " ind2=" " tag="090">
      <subfield code="a">WIL</subfield>
      <subfield code="b">ARDC</subfield>
   </datafield>
   <datafield ind1="1" ind2=" " tag="100">
      <subfield code="a">Wilde, Tom.</subfield>
   </datafield>
   <datafield ind1="1" ind2="4" tag="245">
      <subfield code="a">The blood of Alexander /</subfield>
      <subfield code="c">Tom Wilde</subfield>
   </datafield>
   <datafield ind1=" " ind2="1" tag="264">
      <subfield code="a">New York :</subfield>
      <subfield code="b">Tom Doherty Associates,</subfield>
      <subfield code="c">2015.</subfield>
   </datafield>
   <datafield ind1=" " ind2="4" tag="264">
      <subfield code="c">©2014</subfield>
   </datafield>
   <datafield ind1=" " ind2=" " tag="336">
      <subfield code="a">text</subfield>
      <subfield code="2">rdacontent</subfield>
   </datafield>
   <datafield ind1=" " ind2=" " tag="337">
      <subfield code="a">unmediated</subfield>
      <subfield code="2">rdamedia</subfield>
   </datafield>
   <datafield ind1=" " ind2=" " tag="338">
      <subfield code="a">volume</subfield>
      <subfield code="2">rdacarrier</subfield>
   </datafield>
   <datafield ind1=" " ind2=" " tag="520">
      <subfield code="a">"Jonathan Blake makes a living stealing antiquities--stealing them back, that is. A field agent for the Argo Foundation, a company that makes it their business to preserve humanity's history by liberating stolen artifacts from thieves and looters, Blake is used to dangerous assignments. But when he is forced by the US government into a deadly mission involving a missing Napoleonic standard, he finds himself in over his head. Blake is pitted against Vanya, the head of a fanatical cult, who seeks a gilded bronze eagle that holds a vital clue to the lost tomb of Alexander the Great. From ancient ruins in Afghanistan to the catacombs of Paris to a chateau high in the French Alps, Blake must unravel the secret truth of the final fate of Napoleon Bonaparte, the murder of Percy Bysshe Shelly, and the hidden remains of Alexander. And he must do it before Vanya's apocalyptic plans for humanity come to their deadly fruition"--Publisher.</subfield>
   </datafield>
   <datafield ind1=" " ind2=" " tag="596">
      <subfield code="a">35</subfield>
   </datafield>
   <datafield ind1=" " ind2="0" tag="600">
      <subfield code="a">Alexander,</subfield>
      <subfield code="c">the Great,</subfield>
      <subfield code="d">356 B.C.-323 B.C.</subfield>
      <subfield code="v">Fiction.</subfield>
   </datafield>
   <datafield ind1=" " ind2="0" tag="650">
      <subfield code="a">Archaeological thefts</subfield>
      <subfield code="v">Fiction.</subfield>
   </datafield>
   <datafield ind1=" " ind2="0" tag="650">
      <subfield code="a">Governmental investigations</subfield>
      <subfield code="v">Fiction.</subfield>
   </datafield>
   <datafield ind1=" " ind2="0" tag="650">
      <subfield code="a">Cults</subfield>
      <subfield code="v">Fiction</subfield>
   </datafield>
   <datafield ind1=" " ind2=" " tag="926">
      <subfield code="a">WIL</subfield>
      <subfield code="w">LC</subfield>
      <subfield code="c">1</subfield>
      <subfield code="i">30125302524490</subfield>
      <subfield code="l">PAPERBACKS</subfield>
      <subfield code="m">RED_DEER_C</subfield>
      <subfield code="r">Y</subfield>
      <subfield code="s">Y</subfield>
      <subfield code="t">BOOK</subfield>
      <subfield code="u">2/9/2015</subfield>
   </datafield>
</record>
